<record xmlns="http://www.loc.gov/MARC21/slim" xmlns:xsi="http://www.w3.org/2001/XMLSchema-instance" xsi:schemaLocation="http://www.loc.gov/MARC21/slim http://www.loc.gov/standards/marcxml/schema/MARC21slim.xsd"><leader>     nam a22        4500</leader><controlfield tag="001">3265731</controlfield><controlfield tag="003">NNC</controlfield><controlfield tag="006">m        d        </controlfield><controlfield tag="007">cr cn |||m|||a</controlfield><controlfield tag="008">150316s1934    ae      ob    001 0bara  </controlfield><datafield ind1=" " ind2=" " tag="040"><subfield code="a">NNU</subfield><subfield code="b">eng</subfield><subfield code="e">rda</subfield><subfield code="c">NNU</subfield></datafield><datafield ind1="0" ind2=" " tag="041"><subfield code="a">ara</subfield><subfield code="a">fre</subfield></datafield><datafield ind1=" " ind2=" " tag="043"><subfield code="a">a-sy---</subfield></datafield><datafield ind1="0" ind2="0" tag="050"><subfield code="a">DS97</subfield><subfield code="b">.C35</subfield></datafield><datafield ind1="0" ind2="4" tag="082"><subfield code="a">956.8</subfield><subfield code="b">C16s</subfield></datafield><datafield ind1="1" ind2=" " tag="100"><subfield code="a">Canard, Marius.</subfield></datafield><datafield ind1="1" ind2="0" tag="245"><subfield code="6">880-01</subfield><subfield code="a">Nukhab ta&#772;ri&#772;khi&#772;yah wa-adabi&#772;yah ja&#772;mi&#699;ah li-akhba&#772;r al-Ami&#772;r Sayf al-Dawlah al-H&#803;amda&#772;ni&#772; al-tuwuffi&#772; sanat 356 H.-967 M /</subfield><subfield code="c">qad i&#699;tana&#769; bi-iltiqa&#772;t&#803;iha&#772; wa-sharah&#803;aha&#772; Ma&#772;ryu&#772;s Ka&#772;na&#772;r.</subfield></datafield><datafield ind1="1" ind2="5" tag="246"><subfield code="6">880-02</subfield><subfield code="a">Sayf al Daula :</subfield><subfield code="b">recueil de textes relatifs a&#768; l'e&#769;mir Sayf al Daula le Hamdanide</subfield></datafield><datafield ind1=" " ind2=" " tag="260"><subfield code="6">880-03</subfield><subfield code="a">al-Jaza&#772;&#700;ir :</subfield><subfield code="b">J. Karbu&#772;ni&#772;l,</subfield><subfield code="c">1934.</subfield></datafield><datafield ind1=" " ind2=" " tag="300"><subfield code="a">online resource (484 pages)</subfield></datafield><datafield ind1=" " ind2=" " tag="336"><subfield code="a">text</subfield><subfield code="2">rdacontent</subfield></datafield><datafield ind1=" " ind2=" " tag="337"><subfield code="a">computer</subfield><subfield code="2">rdamedia</subfield></datafield><datafield ind1=" " ind2=" " tag="338"><subfield code="a">online resource</subfield><subfield code="2">rdacarrier</subfield></datafield><datafield ind1="1" ind2=" " tag="490"><subfield code="6">880-04</subfield><subfield code="a">Khiza&#772;nat al-kutub al-&#699;Arabi&#772;yah ;</subfield><subfield code="v">al-juz&#700; 8</subfield></datafield><datafield ind1=" " ind2=" " tag="500"><subfield code="a">Added t.p.: Sayf al Daula : recueil de textes relatifs a&#768; l'e&#769;mir Sayf al Daula le Hamdanide avec annotations / e&#769;dite&#769; par Marius Canard.</subfield></datafield><datafield ind1=" " ind2=" " tag="500"><subfield code="a">Part of the Arabic Collections Online (ACO) project, contributed by Columbia University Libraries.</subfield></datafield><datafield ind1=" " ind2=" " tag="504"><subfield code="a">Includes bibliographical references (pages 434-451) and index.</subfield></datafield><datafield ind1=" " ind2=" " tag="533"><subfield code="a">Electronic reproduction.</subfield><subfield code="b">New York, N.Y. :</subfield><subfield code="c">New York University,</subfield><subfield code="d">2015.</subfield><subfield code="5">NNU</subfield></datafield><datafield ind1="1" ind2="0" tag="600"><subfield code="6">880-05</subfield><subfield code="a">Sayf al-Dawlah al-H&#803;amda&#772;ni&#772;, &#699;Ali&#772; ibn &#699;Abd Alla&#772;h,</subfield><subfield code="d">916-967.</subfield></datafield><datafield ind1="1" ind2="4" tag="600"><subfield code="a">Saif al-Daulah 'Ali, al-Hamdani,</subfield><subfield code="c">emir of Aleppo,</subfield><subfield code="d">916-969.</subfield></datafield><datafield ind1="1" ind2="7" tag="600"><subfield code="a">Sayf al-Dawlah al-H&#803;amda&#772;ni&#772;, &#699;Ali&#772; ibn &#699;Abd Alla&#772;h,</subfield><subfield code="d">916-967.</subfield><subfield code="2">fast</subfield><subfield code="0">(OCoLC)fst01760943</subfield></datafield><datafield ind1="2" ind2=" " tag="710"><subfield code="a">Columbia University.</subfield><subfield code="b">Libraries.</subfield></datafield><datafield ind1="0" ind2=" " tag="730"><subfield code="a">Arabic Collections Online.</subfield></datafield><datafield ind1="0" ind2="8" tag="776"><subfield code="i">Print version:</subfield><subfield code="a">Canard, Marius.</subfield><subfield code="t">Nukhab ta&#772;ri&#772;khi&#772;yah wa-adabi&#772;yah ja&#772;mi&#699;ah li-akhba&#772;r al-Ami&#772;r Sayf al-Dawlah al-H&#803;amda&#772;ni&#772; al-tuwuffi&#772; sanat 356 H.-967 M</subfield><subfield code="w">(NNC)3265731</subfield><subfield code="w">(DLC)   72210957 </subfield><subfield code="w">(OCoLC)9584521</subfield></datafield><datafield ind1=" " ind2="0" tag="830"><subfield code="6">880-06</subfield><subfield code="a">Maktabah al-&#699;Arabi&#772;yah (Cairo, Egypt) ;</subfield><subfield code="v">no. 8.</subfield></datafield><datafield ind1="4" ind2="0" tag="856"><subfield code="u">http://hdl.handle.net/2333.1/z08kpv4q</subfield></datafield><datafield ind1="1" ind2="0" tag="880"><subfield code="6">245-01/r</subfield><subfield code="a">&#1606;&#1582;&#1576; &#1578;&#1575;&#1585;&#1610;&#1582;&#1610;&#1577; &#1608;&#1575;&#1583;&#1576;&#1610;&#1577; &#1580;&#1575;&#1605;&#1593;&#1577; &#1604;&#1575;&#1582;&#1576;&#1575;&#1585; &#1575;&#1604;&#1575;&#1605;&#1610;&#1585; &#1587;&#1610;&#1601; &#1575;&#1604;&#1583;&#1608;&#1604;&#1577; &#1575;&#1604;&#1581;&#1605;&#1583;&#1575;&#1606;&#1610; &#1575;&#1604;&#1578;&#1608;&#1601;&#1610; &#1587;&#1606;&#1577; 356 &#1607;.967 &#1605; /</subfield><subfield code="c">&#1602;&#1583; &#1575;&#1593;&#1578;&#1606;&#1609; &#1576;&#1575;&#1604;&#1578;&#1602;&#1575;&#1591;&#1607;&#1575; &#1608;&#1588;&#1585;&#1581;&#1607;&#1575; &#1605;&#1575;&#1585;&#1610;&#1608;&#1587; &#1603;&#1575;&#1606;&#1575;&#1585;.</subfield></datafield><datafield ind1="1" ind2="5" tag="880"><subfield code="6">246-02/r</subfield><subfield code="a">&#1606;&#1582;&#1576; &#1578;&#1575;&#1585;&#1610;&#1582;&#1610;&#1577; &#1608;&#1575;&#1583;&#1576;&#1610;&#1577; &#1580;&#1575;&#1605;&#1593;&#1577; &#1604;&#1575;&#1582;&#1576;&#1575;&#1585; &#1575;&#1604;&#1575;&#1605;&#1610;&#1585; &#1587;&#1610;&#1601; &#1575;&#1604;&#1583;&#1608;&#1604;&#1577; &#1575;&#1604;&#1581;&#1605;&#1583;&#1575;&#1606;&#1610;</subfield></datafield><datafield ind1=" " ind2=" " tag="880"><subfield code="6">260-03/r</subfield><subfield code="a">&#1575;&#1604;&#1580;&#1586;&#1575;&#1574;&#1585; :</subfield><subfield code="b">&#1580;&#1608;&#1604; &#1603;&#1585;&#1576;&#1608;&#1606;&#1610;&#1604;&#1548;</subfield><subfield code="c">&#1633;&#1641;&#1635;&#1636;.</subfield></datafield><datafield ind1="1" ind2=" " tag="880"><subfield code="6">490-04/r</subfield><subfield code="a">&#1582;&#1586;&#1575;&#1606;&#1577; &#1575;&#1604;&#1603;&#1578;&#1576; &#1575;&#1604;&#1593;&#1585;&#1576;&#1610;&#1577; &#1563;</subfield><subfield code="v">&#1640;.</subfield></datafield><datafield ind1="1" ind2="4" tag="880"><subfield code="6">600-05/r</subfield><subfield code="a">&#1587;&#1610;&#1601; &#1575;&#1604;&#1583;&#1608;&#1604;&#1577; &#1575;&#1604;&#1581;&#1605;&#1583;&#1575;&#1606;&#1610; &#1548; &#1593;&#1604;&#1610; &#1576;&#1606; &#1593;&#1576;&#1583; &#1575;&#1604;&#1604;&#1607;.</subfield></datafield><datafield ind1=" " ind2="0" tag="880"><subfield code="6">830-06/r</subfield><subfield code="a">&#1582;&#1586;&#1575;&#1606;&#1577; &#1575;&#1604;&#1603;&#1578;&#1576; &#1575;&#1604;&#1593;&#1585;&#1576;&#1610;&#1577; &#1563; </subfield><subfield code="v">&#1640;.</subfield></datafield><datafield ind1=" " ind2=" " tag="959"><subfield code="a">NNU</subfield><subfield code="b">WEB</subfield><subfield code="c">GENI</subfield><subfield code="t">0</subfield><subfield code="m">Electronic access</subfield><subfield code="s">01</subfield></datafield><datafield ind1=" " ind2=" " tag="999"><subfield code="i">NNC_3265731</subfield><subfield code="o">(OCoLC)ocm09584521</subfield><subfield code="e">(ERROR-880)</subfield><subfield code="s">columbia_aco000252</subfield></datafield></record>